@article{ezhilchelvan2020non,
  title={Non-blocking two-phase commit using blockchain},
  author={Ezhilchelvan, Paul and Aldweesh, Amjad and van Moorsel, Aad},
  journal={Concurrency and Computation: Practice and Experience},
  volume={32},
  number={12},
  pages={e5276},
  year={2020},
  publisher={Wiley Online Library}
}

@inproceedings{lampson1993new,
  title={A new presumed commit optimization for two phase commit},
  author={Lampson, Butler and Lomet, David},
  booktitle={19th International Conference on Very Large Data Bases (VLDB'93)},
  pages={630--640},
  year={1993}
}

@inproceedings{skeen1981nonblocking,
  title={Nonblocking commit protocols},
  author={Skeen, Dale},
  booktitle={Proceedings of the 1981 ACM SIGMOD international conference on Management of data},
  pages={133--142},
  year={1981}
}

@article{henry2019howard,
  title={Howard chu on lightning memory-mapped database},
  author={Henry, Gavin},
  journal={Ieee Software},
  volume={36},
  number={06},
  pages={83--87},
  year={2019},
  publisher={IEEE Computer Society}
}

@article{bhosale2015sqlite,
  title={Sqlite: Light database system},
  author={Bhosale, ST and Patil, Miss Tejaswini and Patil, Miss Pooja},
  journal={Int. J. Comput. Sci. Mob. Comput},
  volume={44},
  number={4},
  pages={882--885},
  year={2015}
}